@ARTICLE{ds:LM2574N, 
author={TexasInstruments}, 
journal={}, 
title={{LM2574/LM2574HV SIMPLE SWITCHERTM 0.5A Step-Down Voltage Regulator}}, 
year={2013}, 
volume={}, 
pages={}, 
doi={}, 
}

@ARTICLE{ds:L7806CV, 
author={STMicrolectronics}, 
journal={}, 
title={{Positive voltage regulator ICs}}, 
year={2014}, 
volume={}, 
pages={}, 
doi={}, 
}

@ARTICLE{ds:1N5408, 
author={Fairchild}, 
journal={}, 
title={{General purpose rectifiers}}, 
year={2015}, 
volume={}, 
pages={}, 
doi={}, 
}


@ARTICLE{ds:LM78XX, 
author={TexasInstruments}, 
journal={}, 
title={{LM78XX Series Voltage Regulators}}, 
year={2013}, 
volume={}, 
pages={}, 
doi={}, 
}

@ARTICLE{ds:MCP3008, 
author={Microhip}, 
journal={}, 
title={{2.7V 4-Channel/8-Channel 10-Bit A/D Converters with SPI Serial Inter}}, 
year={2008}, 
volume={}, 
pages={}, 
doi={}, 
}

@ARTICLE{ds:NDT5867NL, 
author={ONSemiconductor}, 
journal={}, 
title={{N-Channel Power MOSFET 60 V, 20 A, 39 mW}}, 
year={2014}, 
volume={}, 
pages={}, 
doi={}, 
}

@ARTICLE{apnote:led, 
author={AvagoTechonologies}, 
journal={}, 
title={{Application Brief I-024}}, 
year={2010}, 
volume={}, 
pages={}, 
doi={}, 
}

@ARTICLE{ds:red_led, 
author={AvagoTechonologies}, 
journal={}, 
title={{Super Ultra-Bright LED Lamps}}, 
year={2014}, 
volume={}, 
pages={}, 
doi={}, 
}

@ARTICLE{ds:gb_led, 
author={AvagoTechonologies}, 
journal={}, 
title={{New 5mm Blue and Green LED Lamps}}, 
year={2013}, 
volume={}, 
pages={}, 
doi={}, 
}

@ARTICLE{art:cap, 
author={Soufiane Bendaoud, Giampaolo Marino}, 
journal={Analog Dialogue}, 
title={{Practical Techniques to Avoid Instability Due to Capacitive Loading}}, 
year={2004}, 
volume={38}, 
pages={}, 
doi={}, 
}

@BOOK{book:prac_ele,
author={Paul Scherz, Simon Monk},
title="Practical Electronics for Inventors",
year="2013",
publisher="McGawn-Hill",
}

@misc{url:serial,
  title = {Serial ports and C++},
  howpublished = {\url{http://www.webalice.it/fede.tft/serial_port/serial_port.html}},
  note = {Accessed: 2015-10-29}
}
