@ARTICLE{article:rpm,
author={Apteker, R.T. and Fisher, J.A. and Kisimov, V.S. and Neishlos, H.},
journal={MultiMedia, IEEE},
title={Video acceptability and frame rate},
year={1995},
volume={2},
number={3},
pages={32-40},
keywords={data compression;distributed processing;interactive video;multimedia systems;continuous-media stream;distributed multimedia application;frame rate;multimedia server;multimedia session;network bandwidth;quality of service degradation;reduced frame rate;users;video acceptability;Bandwidth;Degradation;Motion pictures;Network servers;Quality of service;Resource management;Speech;Streaming media;Time factors;Video compression},
doi={10.1109/93.410510},
ISSN={1070-986X},
month={Autumn},}

@misc{datasheet:motor,
title={Stock range miniature low voltage D.C. motor},
author={MFA/Como Drills},
}

@misc{datasheet:mosfet,
title={N-Channel Power MOSFET},
author={ONSemiconductor},
}

@BOOK{book:prac_ele,
author={Paul Scherz, Simon Monk},
title="Practical Electronics for Inventors",
year="2013",
publisher="McGawn-Hill",
}