@misc{url:qml-sokoban,
  title = {QML Sokoban Qt-Apps.org},
  howpublished = {\url{http://qt-apps.org/content/show.php/QML+Sokoban?content=134799}},
  year = "Last updated Dec 19 2011",
  note = {Accessed: 2015-10-29}
}
@misc{url:microban,
  title = {Sokoban:Microban levels},
  howpublished = {\url{http://sneezingtiger.com/sokoban/levels/microbanText.html}},
  year = "Last updated April 2000",
  note = {Accessed: 2015-10-20}
}
